[gd_scene load_steps=21 format=3 uid="uid://chpohtsmvcq26"]

[ext_resource type="Texture2D" uid="uid://ul614kg4vc1m" path="res://assets/sprites/coin.png" id="1_f7mka"]
[ext_resource type="Script" path="res://scripts/coin.gd" id="1_mc317"]
[ext_resource type="AudioStream" uid="uid://cuprwo6gfsya3" path="res://assets/sounds/coin.wav" id="3_lsulj"]

[sub_resource type="AtlasTexture" id="AtlasTexture_nblra"]
atlas = ExtResource("1_f7mka")
region = Rect2(0, 0, 16, 16)

[sub_resource type="AtlasTexture" id="AtlasTexture_rou1u"]
atlas = ExtResource("1_f7mka")
region = Rect2(16, 0, 16, 16)

[sub_resource type="AtlasTexture" id="AtlasTexture_3pmr5"]
atlas = ExtResource("1_f7mka")
region = Rect2(32, 0, 16, 16)

[sub_resource type="AtlasTexture" id="AtlasTexture_spwmg"]
atlas = ExtResource("1_f7mka")
region = Rect2(48, 0, 16, 16)

[sub_resource type="AtlasTexture" id="AtlasTexture_us43o"]
atlas = ExtResource("1_f7mka")
region = Rect2(64, 0, 16, 16)

[sub_resource type="AtlasTexture" id="AtlasTexture_dfrp7"]
atlas = ExtResource("1_f7mka")
region = Rect2(80, 0, 16, 16)

[sub_resource type="AtlasTexture" id="AtlasTexture_si2ks"]
atlas = ExtResource("1_f7mka")
region = Rect2(96, 0, 16, 16)

[sub_resource type="AtlasTexture" id="AtlasTexture_bh631"]
atlas = ExtResource("1_f7mka")
region = Rect2(112, 0, 16, 16)

[sub_resource type="AtlasTexture" id="AtlasTexture_lxwws"]
atlas = ExtResource("1_f7mka")
region = Rect2(128, 0, 16, 16)

[sub_resource type="AtlasTexture" id="AtlasTexture_mo4mc"]
atlas = ExtResource("1_f7mka")
region = Rect2(144, 0, 16, 16)

[sub_resource type="AtlasTexture" id="AtlasTexture_dhaco"]
atlas = ExtResource("1_f7mka")
region = Rect2(160, 0, 16, 16)

[sub_resource type="AtlasTexture" id="AtlasTexture_kaky0"]
atlas = ExtResource("1_f7mka")
region = Rect2(176, 0, 16, 16)

[sub_resource type="SpriteFrames" id="SpriteFrames_cenix"]
animations = [{
"frames": [{
"duration": 1.0,
"texture": SubResource("AtlasTexture_nblra")
}, {
"duration": 1.0,
"texture": SubResource("AtlasTexture_rou1u")
}, {
"duration": 1.0,
"texture": SubResource("AtlasTexture_3pmr5")
}, {
"duration": 1.0,
"texture": SubResource("AtlasTexture_spwmg")
}, {
"duration": 1.0,
"texture": SubResource("AtlasTexture_us43o")
}, {
"duration": 1.0,
"texture": SubResource("AtlasTexture_dfrp7")
}, {
"duration": 1.0,
"texture": SubResource("AtlasTexture_si2ks")
}, {
"duration": 1.0,
"texture": SubResource("AtlasTexture_bh631")
}, {
"duration": 1.0,
"texture": SubResource("AtlasTexture_lxwws")
}, {
"duration": 1.0,
"texture": SubResource("AtlasTexture_mo4mc")
}, {
"duration": 1.0,
"texture": SubResource("AtlasTexture_dhaco")
}, {
"duration": 1.0,
"texture": SubResource("AtlasTexture_kaky0")
}],
"loop": true,
"name": &"default",
"speed": 10.0
}]

[sub_resource type="CircleShape2D" id="CircleShape2D_7on26"]
radius = 5.09902

[sub_resource type="Animation" id="Animation_wp6ri"]
resource_name = "collection"
tracks/0/type = "value"
tracks/0/imported = false
tracks/0/enabled = true
tracks/0/path = NodePath("AnimatedSprite2D:visible")
tracks/0/interp = 1
tracks/0/loop_wrap = true
tracks/0/keys = {
"times": PackedFloat32Array(0),
"transitions": PackedFloat32Array(1),
"update": 1,
"values": [false]
}
tracks/1/type = "value"
tracks/1/imported = false
tracks/1/enabled = true
tracks/1/path = NodePath("CollisionShape2D:disabled")
tracks/1/interp = 1
tracks/1/loop_wrap = true
tracks/1/keys = {
"times": PackedFloat32Array(0),
"transitions": PackedFloat32Array(1),
"update": 1,
"values": [true]
}
tracks/2/type = "value"
tracks/2/imported = false
tracks/2/enabled = true
tracks/2/path = NodePath("CollectionSound:playing")
tracks/2/interp = 1
tracks/2/loop_wrap = true
tracks/2/keys = {
"times": PackedFloat32Array(0),
"transitions": PackedFloat32Array(1),
"update": 1,
"values": [true]
}
tracks/3/type = "method"
tracks/3/imported = false
tracks/3/enabled = true
tracks/3/path = NodePath(".")
tracks/3/interp = 1
tracks/3/loop_wrap = true
tracks/3/keys = {
"times": PackedFloat32Array(1),
"transitions": PackedFloat32Array(1),
"values": [{
"args": [],
"method": &"queue_free"
}]
}

[sub_resource type="Animation" id="Animation_t3k74"]
length = 0.001
tracks/0/type = "value"
tracks/0/imported = false
tracks/0/enabled = true
tracks/0/path = NodePath("AnimatedSprite2D:visible")
tracks/0/interp = 1
tracks/0/loop_wrap = true
tracks/0/keys = {
"times": PackedFloat32Array(0),
"transitions": PackedFloat32Array(1),
"update": 1,
"values": [true]
}
tracks/1/type = "value"
tracks/1/imported = false
tracks/1/enabled = true
tracks/1/path = NodePath("CollisionShape2D:disabled")
tracks/1/interp = 1
tracks/1/loop_wrap = true
tracks/1/keys = {
"times": PackedFloat32Array(0),
"transitions": PackedFloat32Array(1),
"update": 1,
"values": [false]
}
tracks/2/type = "value"
tracks/2/imported = false
tracks/2/enabled = true
tracks/2/path = NodePath("CollectionSound:playing")
tracks/2/interp = 1
tracks/2/loop_wrap = true
tracks/2/keys = {
"times": PackedFloat32Array(0),
"transitions": PackedFloat32Array(1),
"update": 1,
"values": [false]
}

[sub_resource type="AnimationLibrary" id="AnimationLibrary_cbm87"]
_data = {
"RESET": SubResource("Animation_t3k74"),
"collection": SubResource("Animation_wp6ri")
}

[node name="Coin" type="Area2D"]
z_index = 1
collision_mask = 2
script = ExtResource("1_mc317")

[node name="AnimatedSprite2D" type="AnimatedSprite2D" parent="."]
sprite_frames = SubResource("SpriteFrames_cenix")
autoplay = "default"

[node name="CollisionShape2D" type="CollisionShape2D" parent="."]
shape = SubResource("CircleShape2D_7on26")

[node name="CollectionSound" type="AudioStreamPlayer2D" parent="."]
stream = ExtResource("3_lsulj")
bus = &"SFX"

[node name="AnimationPlayer" type="AnimationPlayer" parent="."]
libraries = {
"": SubResource("AnimationLibrary_cbm87")
}

[connection signal="body_entered" from="." to="." method="_on_body_entered"]
